@techreport{Stansbury2011,
author = {Stansbury, John},
file = {:home/julian/Documents/Mendeley Desktop/Stansbury/Stansbury - 2011 - Analysis of Frequency, Magnitude and Consequence of Worst-Case Spills From the Proposed Keystone XL Pipeline.pdf:pdf},
pages = {19},
title = {{Analysis of Frequency, Magnitude and Consequence of Worst-Case Spills From the Proposed Keystone XL Pipeline}},
url = {https://insideclimatenews.org/sites/default/files/assets/2011-11/Stansbury worst case KeystoneXL spill.pdf},
year = {2011}
}