@incollection{March1963,
address = {Englewood Cliffs, NJ},
author = {March, James G and Cyert, R. M.},
booktitle = {A Behavioural Theory of the Firm},
mendeley-groups = {Course/Fall 2017/Organizational Theory/#03 - Carnegie School/Behavioral Theory},
pages = {128--149},
title = {{A Specific Price and Output Model}},
year = {1963}
}
